@book{rayleigh1896sound,
  author    = {Rayleigh, John William Strutt},
  title     = {The Theory of Sound},
  volume    = {2},
  year      = {1945},
  publisher = {Dover Publications Inc.},
  note      = {Originally published in 1896},
  pages     = {374}
}


